@incollection{behrens_lemuridae_2016,
	title = {Lemuridae},
	abstract = {Lemuridae was published in Wildlife of Madagascar on page 40.},
	language = {en},
	urldate = {2020-09-25},
	booktitle = {Wildlife of {Madagascar}},
	publisher = {Princeton University Press},
	author = {Behrens, Ken and Barnes, Keith},
	month = dec,
	year = {2016},
	doi = {10.1515/9781400880676-008},
	pages = {40--55}
}

@book{heard_charles_2020,
	title = {Charles {Darwin}'s {Barnacle} and {David} {Bowie}'s {Spider}: {How} {Scientific} {Names} {Celebrate} {Adventurers}, {Heroes}, and {Even} a {Few} {Scoundrels}},
	shorttitle = {Charles {Darwin}'s {Barnacle} and {David} {Bowie}'s {Spider}},
	urldate = {2020-09-26},
	publisher = {Yale University Press},
	author = {Heard, Stephen B.},
	year = {2020}
}

@article{lake_white_1979,
	title = {The {White} {Sphinx} and the {Whitened} {Lemur}: {Images} of {Death} in ``{The} {Time} {Machine}'' ({Le} {Sphinx} blanc et le lémure blanchi, images de la mort dans ``la {Machine} à remonter le temps'')},
	volume = {6},
	shorttitle = {The {White} {Sphinx} and the {Whitened} {Lemur}},
	url = {http://www.jstor.org/stable/4239225},
	number = {1},
	urldate = {2020-09-24},
	journal = {Science Fiction Studies},
	author = {Lake, David J.},
	year = {1979},
	pages = {77--84}
}

@article{stallings_lemur_1996,
	title = {Lemur {Comes} {From} {The} {Latin} {For} {Ghosts}},
	volume = {168},
	url = {http://www.jstor.org/stable/40734217},
	number = {1},
	urldate = {2020-09-24},
	journal = {Poetry},
	author = {Stallings, A. E.},
	year = {1996},
	pages = {20}
}

@book{wright_for_2014,
	address = {New York},
	title = {For the {Love} of {Lemurs}: {My} {Life} in the {Wilds} of {Madagascar}},
	shorttitle = {For the {Love} of {Lemurs}},
	publisher = {Lantern Books},
	author = {Wright, Patricia C.},
	year = {2014}
}

@book{mcgoogan_chasing_2020,
	address = {Lanham, MD},
	title = {Chasing {Lemurs}: {My} {Journey} into the {Heart} of {Madagascar}},
	shorttitle = {Chasing {Lemurs}},
	publisher = {Prometheus Books},
	author = {McGoogan, Keriann},
	year = {2020}
}